% Encoding: UTF-8

@misc{j3016b,
	title = {{J3016B}: {Taxonomy} and {Definitions} for {Terms} {Related} to {Driving} {Automation} {Systems} for {On}-{Road} {Motor} {Vehicles} - {SAE} {International}},
	shorttitle = {{J3016B}},
	url = {https://www.sae.org/standards/content/j3016_201806/},
	abstract = {This SAE Recommended Practice describes motor vehicle driving automation systems that perform part or all of the dynamic driving task (DDT) on a sustained basis. It provides a taxonomy with detailed definitions for six levels of driving automation, ranging from no driving automation (level 0) to ful},
	urldate = {2020-05-28}
}

@inproceedings{Dosovitskiy17,
  title = { {CARLA}: {An} Open Urban Driving Simulator},
  author = {Alexey Dosovitskiy and German Ros and Felipe Codevilla and Antonio Lopez and Vladlen Koltun},
  booktitle = {Proceedings of the 1st Annual Conference on Robot Learning},
  pages = {1--16},
  year = {2017}
}

@misc{wu2019detectron2,
  author =       {Yuxin Wu and Alexander Kirillov and Francisco Massa and
                  Wan-Yen Lo and Ross Girshick},
  title =        {Detectron2},
  howpublished = {\url{https://github.com/facebookresearch/detectron2}},
  year =         {2019}
}

@Comment{jabref-meta: databaseType:biblatex;}
